@article{palpal1993,
    author = {Nikhil R Pal and Sankar K Pal},
    doi = {https://doi.org/10.1016/0031-3203(93)90135-J},
    issn = {0031-3203},
    journal = {Pattern Recognition},
    keywords = {Image segmentation, Fuzzy sets, Thresholding, Edge detection, Clustering, Relaxation, Markov Random Field},
    number = {9},
    pages = {1277-1294},
    title = {A review on image segmentation techniques},
    volume = {26},
    year = {1993}
}

@misc{realWorldApps,
    title = {Medical Image Segmentation and Its Real-World Applications: UNet and Beyond},
    author = {Jervis A Saldanha},
    year = {2023},
    url = {https://medium.com/@jervisaldanha/medical-image-segmentation-and-its-real-world-applications-unet-and-beyond-9cd06eeebcb6},
    urldate = {2024-04-28}
}

@article{rundo2016,
    title={Combining split-and-merge and multi-seed region growing algorithms for uterine fibroid segmentation in MRgFUS treatments},
    author={Rundo, Leonardo and Militello, Carmelo and Vitabile, Salvatore and Casarino, Carlo and Russo, Giorgio and Midiri, Massimo and Gilardi, Maria Carla},
    journal={Medical \& biological engineering \& computing},
    volume={54},
    pages={1071--1084},
    year={2016},
    publisher={Springer}
}

@article{graphchen2018,
    author = {Chen, Xinjian and Pan, Lingjiao},
    journal = {IEEE Reviews in Biomedical Engineering}, 
    title = {A Survey of Graph Cuts/Graph Search Based Medical Image Segmentation}, 
    year = {2018},
    volume = {11},
    number = {},
    pages = {112-124},
    keywords = {Image segmentation;Medical diagnostic imaging;Image edge detection;Shape;Minimization;Machine learning;Graph cuts (GCs);graph search (GS);medical image;segmentation},
    doi = {10.1109/RBME.2018.2798701}
}

@article{contourkhadidos2017,
    author = {Khadidos, Alaa and Sanchez, Victor and Li, Chang-Tsun},
    journal = {IEEE Transactions on Image Processing}, 
    title = {Weighted Level Set Evolution Based on Local Edge Features for Medical Image Segmentation}, 
    year = {2017},
    volume = {26},
    number = {4},
    pages = {1979-1991},
    keywords = {Level set;Image edge detection;Image segmentation;Active contours;Nonhomogeneous media;Medical diagnostic imaging;Image segmentation;medical images;active contours;level set methods},
    doi = {10.1109/TIP.2017.2666042}
}

@article{machinelearningrundo2020,
    title = {A survey on nature-inspired medical image analysis: a step further in biomedical data integration},
    author = {Rundo, Leonardo and Militello, Carmelo and Vitabile, Salvatore and Russo, Giorgio and Sala, Evis and Gilardi, Maria Carla},
    journal = {Fundamenta Informaticae},
    volume = {171},
    number = {1-4},
    pages = {345--365},
    year = {2020},
    publisher = {IOS Press}
}

@article{svmswang2012,
    author = {Shijun Wang and Ronald M. Summers},
    doi = {https://doi.org/10.1016/j.media.2012.02.005},
    issn = {1361-8415},
    journal = {Medical Image Analysis},
    keywords = {Survey, Radiology, Machine learning, Computer-aided detection and diagnosis, Image segmentation},
    number = {5},
    pages = {933-951},
    title = {Machine learning and radiology},
    volume = {16},
    year = {2012}
}

@article{clusteringren2019,
    author = {Tianbao Ren and Huanhuan Wang and Huilin Feng and Chensheng Xu and Guoshun Liu and Pan Ding},
    doi = {https://doi.org/10.1016/j.asoc.2019.105503},
    issn = {1568-4946},
    journal = {Applied Soft Computing},
    keywords = {KFCM, WKFCM, Image segmentation, Brain image},
    pages = {105503},
    title = {Study on the improved fuzzy clustering algorithm and its application in brain image segmentation},
    volume = {81},
    year = {2019}
}

@article{deepker2018,
    author = {Ker, Justin and Wang, Lipo and Rao, Jai and Lim, Tchoyoson},
    journal = {IEEE Access}, 
    title = {Deep Learning Applications in Medical Image Analysis}, 
    year = {2018},
    volume = {6},
    number = {},
    pages = {9375-9389},
    keywords = {Image analysis;Machine learning algorithms;Medical diagnostic imaging;Convolution;Convolutional neural networks;medical image analysis;machine learning;deep learning},
    doi = {10.1109/ACCESS.2017.2788044}
}

@article{deeprueckert2020,
    author = {Rueckert, Daniel and Schnabel, Julia A.},
    journal = {Proceedings of the IEEE}, 
    title = {Model-Based and Data-Driven Strategies in Medical Image Computing}, 
    year = {2020},
    volume = {108},
    number = {1},
    pages = {110-124},
    keywords = {Biomedical imaging;Biological system modeling;Computational modeling;Mathematical model;Data models;Image reconstruction;Artificial neural networks;biomedical imaging;image analysis;image classification;image processing;image reconstruction;image registration;image segmentation;machine learning},
    doi = {10.1109/JPROC.2019.2943836}
}

@article{deepcastiglioni2021,
    title = {AI applications to medical images: From machine learning to deep learning},
    author = {Castiglioni, Isabella and Rundo, Leonardo and Codari, Marina and Di Leo, Giovanni and Salvatore, Christian and Interlenghi, Matteo and Gallivanone, Francesca and Cozzi, Andrea and D'Amico, Natascha Claudia and Sardanelli, Francesco},
    journal = {Physica medica},
    volume = {83},
    pages = {9--24},
    year = {2021},
    publisher = {Elsevier}
}

@inbook{unet_ronneberger2015,
    author = {Ronneberger, Olaf and Fischer, Philipp and Brox, Thomas},
    booktitle = {Medical Image Computing and Computer-Assisted Intervention -- MICCAI 2015},
    date-added = {2024-04-28 18:12:02 -0600},
    date-modified = {2024-04-28 18:12:29 -0600},
    doi = {10.1007/978-3-319-24574-4_28},
    isbn = {9783319245744},
    issn = {1611-3349},
    pages = {234--241},
    publisher = {Springer International Publishing},
    title = {U-Net: Convolutional Networks for Biomedical Image Segmentation},
    year = {2015}
}

@inproceedings{cnnClassification2012,
    author = {Krizhevsky, Alex and Sutskever, Ilya and Hinton, Geoffrey E},
    booktitle = {Advances in Neural Information Processing Systems},
    date-modified = {2024-04-28 19:07:23 -0600},
    editor = {F. Pereira and C.J. Burges and L. Bottou and K.Q. Weinberger},
    publisher = {Curran Associates, Inc.},
    title = {ImageNet Classification with Deep Convolutional Neural Networks},
    volume = {25},
    year = {2012}
}

@inproceedings{organSeg_roth2015,
    address = {Cham},
    author = {Roth, Holger R. and Lu, Le and Farag, Amal and Shin, Hoo-Chang and Liu, Jiamin and Turkbey, Evrim B. and Summers, Ronald M.},
    booktitle = {Medical Image Computing and Computer-Assisted Intervention -- MICCAI 2015},
    date-modified = {2024-05-01 14:32:28 -0600},
    editor = {Navab, Nassir and Hornegger, Joachim and Wells, William M. and Frangi, Alejandro},
    isbn = {978-3-319-24553-9},
    pages = {556--564},
    publisher = {Springer International Publishing},
    title = {DeepOrgan: Multi-level Deep Convolutional Networks for Automated Pancreas Segmentation},
    year = {2015}
}

@article{comboLoss_taghanaki2019,
    author = {Taghanaki, Saeid Asgari and Zheng, Yefeng and Zhou, S Kevin and Georgescu, Bogdan and Sharma, Puneet and Xu, Daguang and Comaniciu, Dorin and Hamarneh, Ghassan},
    date-added = {2024-05-01 15:11:29 -0600},
    date-modified = {2024-05-01 15:11:42 -0600},
    journal = {Computerized Medical Imaging and Graphics},
    pages = {24--33},
    publisher = {Elsevier},
    title = {Combo loss: Handling input and output imbalance in multi-organ segmentation},
    volume = {75},
    year = {2019}
}


@article{unifiedLoss_yeung2022,
    author = {Michael Yeung and Evis Sala and Carola-Bibiane Sch{\"o}nlieb and Leonardo Rundo},
    date-added = {2024-05-01 15:23:50 -0600},
    date-modified = {2024-05-01 15:23:50 -0600},
    doi = {https://doi.org/10.1016/j.compmedimag.2021.102026},
    issn = {0895-6111},
    journal = {Computerized Medical Imaging and Graphics},
    keywords = {Loss function, Class imbalance, Machine learning, Convolutional neural networks, Medical image segmentation},
    pages = {102026},
    title = {Unified Focal loss: Generalising Dice and cross entropy-based losses to handle class imbalanced medical image segmentation},
    volume = {95},
    year = {2022}
}


@inproceedings{lesionMetrics_2020,
    author = {Setiawan, Agung W.},
    booktitle = {2020 International Conference on Computer Engineering, Network, and Intelligent Multimedia (CENIM)},
    date-added = {2024-05-01 17:44:56 -0600},
    date-modified = {2024-05-01 17:45:14 -0600},
    doi = {10.1109/CENIM51130.2020.9297970},
    keywords = {Image segmentation;Skin;Lesions;Measurement;Sensitivity;Thresholding (Imaging);Correlation;correlation;digital dermoscopy;coye;grabcut;otsu;segmentation;skin lesion},
    pages = {97-102},
    title = {Image Segmentation Metrics in Skin Lesion: Accuracy, Sensitivity, Specificity, Dice Coefficient, Jaccard Index, and Matthews Correlation Coefficient},
    year = {2020}
}

@article{bratsPaper,
    date-added = {2024-05-01 21:38:39 -0600},
    date-modified = {2024-05-01 21:38:49 -0600},
    doi = {10.1109/TMI.2014.2377694},
    journal = {IEEE Transactions on Medical Imaging},
    keywords = {Image segmentation;Educational institutions;Benchmark testing;Biomedical imaging;Lesions;MRI;Brain;Oncology/tumor;Image segmentation;Benchmark},
    number = {10},
    pages = {1993-2024},
    title = {The Multimodal Brain Tumor Image Segmentation Benchmark (BRATS)},
    volume = {34},
    year = {2015}
}

@inproceedings{3dUnet_2016,
    address = {Cham},
    author = {{\c{C}}i{\c{c}}ek, {\"O}zg{\"u}n and Abdulkadir, Ahmed and Lienkamp, Soeren S. and Brox, Thomas and Ronneberger, Olaf},
    booktitle = {Medical Image Computing and Computer-Assisted Intervention -- MICCAI 2016},
    date-added = {2024-05-02 12:31:50 -0600},
    date-modified = {2024-05-02 12:31:50 -0600},
    editor = {Ourselin, Sebastien and Joskowicz, Leo and Sabuncu, Mert R. and Unal, Gozde and Wells, William},
    isbn = {978-3-319-46723-8},
    pages = {424--432},
    publisher = {Springer International Publishing},
    title = {3D U-Net: Learning Dense Volumetric Segmentation from Sparse Annotation},
    year = {2016}
}

@misc{attentionUnet_2018,
    archiveprefix = {arXiv},
    author = {Ozan Oktay and Jo Schlemper and Loic Le Folgoc and Matthew Lee and Mattias Heinrich and Kazunari Misawa and Kensaku Mori and Steven McDonagh and Nils Y Hammerla and Bernhard Kainz and Ben Glocker and Daniel Rueckert},
    date-added = {2024-05-02 12:38:44 -0600},
    date-modified = {2024-05-02 12:39:04 -0600},
    eprint = {1804.03999},
    primaryclass = {cs.CV},
    title = {Attention U-Net: Learning Where to Look for the Pancreas},
    year = {2018}
}

@article{resUnet_2015,
    author = {Kaiming He and Xiangyu Zhang and Shaoqing Ren and Jian Sun},
    bibsource = {dblp computer science bibliography, https://dblp.org},
    biburl = {https://dblp.org/rec/journals/corr/HeZRS15.bib},
    date-added = {2024-05-02 12:46:16 -0600},
    date-modified = {2024-05-02 12:46:32 -0600},
    eprint = {1512.03385},
    eprinttype = {arXiv},
    journal = {CoRR},
    timestamp = {Wed, 25 Jan 2023 11:01:16 +0100},
    title = {Deep Residual Learning for Image Recognition},
    volume = {abs/1512.03385},
    year = {2015}
}

@article{prelu_2020,
    author = {Intisar {Rizwan I Haque} and Jeremiah Neubert},
    date-modified = {2024-05-02 13:58:56 -0600},
    doi = {https://doi.org/10.1016/j.imu.2020.100297},
    issn = {2352-9148},
    journal = {Informatics in Medicine Unlocked},
    keywords = {Image segmentation, Deep learning, Machine learning, Biomedical images},
    pages = {100297},
    title = {Deep learning approaches to biomedical image segmentation},
    volume = {18},
    year = {2020}
}

